<?xml version="1.0" encoding="UTF-8"?><collection xmlns="http://www.loc.gov/MARC21/slim"><record><leader>00406nam--2200109-i-4500</leader><controlfield tag="001">000046224</controlfield><controlfield tag="002">20161230</controlfield><controlfield tag="005">20161230201045</controlfield><controlfield tag="008">060222s1000------------r-----000-0-eng-d</controlfield><datafield ind1=" " ind2=" " tag="245"><subfield code="a">Universite de montpellier. quinzaine des sciences nucleaires (24 mars - 8 avril 1963). vol.2. irradiation naturelle et irradiation artificielle de l`homme</subfield></datafield><datafield ind1=" " ind2=" " tag="260"><subfield code="a">Paris, Masson &amp; C-ie Editeurs, 1963, Xii + 646p</subfield></datafield><datafield ind1=" " ind2=" " tag="852"><subfield code="a">18145</subfield></datafield></record></collection>